
@book{h-dvpi-18,
	Author = {Healy, Kieran},
	Publisher = {Princeton University Press},
	Title = {Data Visualization: A Practical Introduction},
	Year = {2018}}

@article{anscombe73,
author = { Francis J. Anscombe },
title = {Graphs in Statistical Analysis},
journal = {The American Statistician},
volume = {27},
number = {1},
pages = {17-21},
year  = {1973},
publisher = {Taylor & Francis},
doi = {10.1080/00031305.1973.10478966},
}

@incollection{s-pdfea-02,
	Author = {Sanders, Peter},
	Booktitle = {Experimental Algorithmics},
	Chapter = {9},
	Editor = {Fleischer, Rudolf and Moret, Bernard and Schmidt, Erik Meineche},
	Pages = {181--196},
	Publisher = {Springer-Verlag Berlin Heidelberg},
	Series = {LNCS},
	Title = {Presenting Data from Experiments in Algorithmics},
	Volume = {2547},
	Year = {2002}}


@book{t-vdqi-01,
	Author = {Tufte, Edward R.},
	Publisher = {Graphics Press},
	Title = {The Visual Display of Quantitative Information},
	Year = {2001}}


@book{m-vad-14,
	Author = {Munzner, Tamara},
	Publisher = {CRC Press},
	Title = {Visualization Analyis and Design},
	Year = {2014}}


@book{w-ivpd-12,
	Author = {Ware, Colin},
	Edition = {3rd},
	Publisher = {Morgan Kaufmann},
	Title = {Information Visualization: Perception for Design},
	Year = {2012}}
